<?xml version="1.0" encoding="utf-8"?>
<record xmlns="http://www.loc.gov/MARC21/slim" xmlns:xsi="http://www.w3.org/2001/XMLSchema-instance" xsi:schemaLocation="http://www.loc.gov/MARC21/slim http://www.loc.gov/standards/marcxml/schema/MARC21slim.xsd">
	<leader>     nam a22     Mi 4500</leader>
	<controlfield tag="001">b12407951</controlfield>
	<controlfield tag="003">LeBAU</controlfield>
	<controlfield tag="006">m        d        </controlfield>
	<controlfield tag="007">cr cn |||m|||a</controlfield>
	<controlfield tag="008">200626s1944    ua      ob    ||0 0 ara d</controlfield>
	<datafield ind1=" " ind2=" " tag="040">
		<subfield code="a">ZYU</subfield>
		<subfield code="b">ara</subfield>
		<subfield code="e">rda</subfield>
		<subfield code="c">ZYU</subfield>
	</datafield>
	<datafield ind1="0" ind2="4" tag="082">
		<subfield code="a">330.962</subfield>
		<subfield code="2">20</subfield>
	</datafield>
	<datafield ind1="1" ind2=" " tag="100">
		<subfield code="6">880-01</subfield>
		<subfield code="a">Lahīṭah, Muḥammad Fahmī,</subfield>
		<subfield code="e">author.</subfield>
	</datafield>
	<datafield ind1="1" ind2="0" tag="245">
		<subfield code="6">880-02</subfield>
		<subfield code="a">Tārīkh Miṣr al-Iqtiṣādī fī al-ʻUṣūr al-Ḥadīthah /</subfield>
		<subfield code="c">taʼlīf al-Duktūr Muḥammad Fahmī Lahīṭah, bakālūryūs fī al-ʻulūm al-tijārīyah wa-ustādh fī al-falsafah al-iqtiṣādīyah min Jāmiʻat Birminjhām, duktūr fī al-ʻulūm al-iqtiṣādīyah wa-al-mālīyah wa-al-tārīkh al-iqtiṣādī min Jāmiʻat Līdz, ʻuḍw al-Jamʻīyah al-Malakīyah lil-Iḥṣāʼ bi-Landan, ʻuḍw al-Jamʻīyah al-Malakīyah lil-iqtiṣād bi-Landan, wāḍiʻ risālat &quot;ʻAlāqat Miṣr bi-Tijārat Sūriyā&quot; bi-Birminjhām sanat 1916 wa-risālat &quot;al-ʻAmal wa-al-ʻUmmāl fī Miṣr&quot; lil-ustādhīyah bi-Birminjhām sanat 1922, wa-risālat Markaz Miṣr al-Iqtiṣādī lil-duktūrāh sanat 1926 wa-muʼallif ʻIlm al-Iqtiṣād lil-Miṣrīyīn sanat 1939 wa-muʼallif al-Iqtiṣād al-Zirāʻī wa-al-Tamwīn sanat 1942 wa-&quot;ʻAnāṣir ʻIlm al-Iqtiṣād&quot; Lahīṭah wa-ʻUlaysh sanat 1946 wa-muʼallif &quot;al-Iqtiṣād al-Ṣināʻī wa-al-Bank al-Markazī&quot; sanat 1944.</subfield>
	</datafield>
	<datafield ind1=" " ind2=" " tag="250">
		<subfield code="6">880-03</subfield>
		<subfield code="a">al-Ṭabʻah al-thānīyah.</subfield>
	</datafield>
	<datafield ind1=" " ind2="1" tag="264">
		<subfield code="6">880-04</subfield>
		<subfield code="a">al-Qāhirah :</subfield>
		<subfield code="b">Maṭbaʻat Lajnat al-Taʼlīf wa-al-Tarjamah wa-al-Nashr,</subfield>
		<subfield code="c">1944.</subfield>
	</datafield>
	<datafield ind1=" " ind2=" " tag="300">
		<subfield code="6">880-05</subfield>
		<subfield code="a">online resource (614, b-l pages)</subfield>
	</datafield>
	<datafield ind1=" " ind2=" " tag="336">
		<subfield code="a">text</subfield>
		<subfield code="2">rdacontent</subfield>
	</datafield>
	<datafield ind1=" " ind2=" " tag="337">
		<subfield code="a">computer</subfield>
		<subfield code="2">rdamedia</subfield>
	</datafield>
	<datafield ind1=" " ind2=" " tag="338">
		<subfield code="a">online resource</subfield>
		<subfield code="2">rdacarrier</subfield>
	</datafield>
	<datafield ind1=" " ind2=" " tag="500">
		<subfield code="a">Part of the Arabic Collections Online (ACO) project, contributed by American University of Beirut's Jafet Memorial Library.</subfield>
	</datafield>
	<datafield ind1=" " ind2=" " tag="533">
		<subfield code="a">Electronic reproduction.</subfield>
		<subfield code="b">New York, N.Y. :</subfield>
		<subfield code="c">New York University,</subfield>
		<subfield code="d">2020.</subfield>
		<subfield code="5">NNU</subfield>
	</datafield>
	<datafield ind1=" " ind2="0" tag="651">
		<subfield code="6">880-06</subfield>
		<subfield code="a">Egypt</subfield>
		<subfield code="x">Economic conditions</subfield>
		<subfield code="x">History.</subfield>
	</datafield>
	<datafield ind1=" " ind2="0" tag="651">
		<subfield code="6">880-07</subfield>
		<subfield code="a">Egypt</subfield>
		<subfield code="x">Economic policy.</subfield>
	</datafield>
	<datafield ind1="2" ind2=" " tag="710">
		<subfield code="a">Jafet Memorial Library.</subfield>
	</datafield>
	<datafield ind1="0" ind2=" " tag="730">
		<subfield code="a">Arabic Collections Online.</subfield>
	</datafield>
	<datafield ind1="0" ind2="8" tag="776">
		<subfield code="i">Print version:</subfield>
		<subfield code="a">Lahīṭah, Muḥammad Fahmī, author.</subfield>
		<subfield code="t">Tārīkh Miṣr al-Iqtiṣādī fī al-ʻUṣūr al-Ḥadīthah</subfield>
		<subfield code="w">(LeBAU)b12407951</subfield>
	</datafield>
	<datafield ind1="4" ind2="0" tag="856">
		<subfield code="u">http://hdl.handle.net/2333.1/k6djhmpk</subfield>
	</datafield>
	<datafield ind1="1" ind2=" " tag="880">
		<subfield code="6">100-01</subfield>
		<subfield code="a">لهيطة، محمد فهمي،</subfield>
		<subfield code="e">مؤلف.</subfield>
		<subfield code="4">aut.</subfield>
	</datafield>
	<datafield ind1="1" ind2="0" tag="880">
		<subfield code="6">245-02</subfield>
		<subfield code="a">تاريخ مصر الإقتصادي في العصور الحديثة /</subfield>
		<subfield code="c">تأليف الدكتور محمد فهمي لهيطة، بكالوريوس في العلوم التجارية وأستاذ في الفلسفة الإقتصادية من جامعة برمنجهام، دكتور في العلوم الإقتصادية والمالية والتاريخ الإقتصادي من جامعة ليدز، عضو الجمعية الملكية للإحصاء بلندن، عضو الجمعية الملكية للإقتصاد بلندن، واضع رسالة &quot;علاقة مصر بتجارة سوريا&quot; ببرمنجهام سنة 1916 ورسالة &quot;العمل والعمال في مصر&quot; للأستاذية ببرمنجهام سنة 1922 ورسالة مركز مصر الإقتصادي للدكتوراه سنة 1926 ومؤلف علم الإقتصاد للمصريين سنة 1939 ومؤلف الإقتصاد الزراعي والتموين سنة 1942 و&quot;عناصر علم الإقتصاد&quot; لهيطة وعليش سنة 1946 ومؤلف &quot;الإقتصاد الصناعي والبنك المركزي&quot; سنة 1944.</subfield>
	</datafield>
	<datafield ind1=" " ind2=" " tag="880">
		<subfield code="6">250-03</subfield>
		<subfield code="a">الطبعة الثانية.</subfield>
	</datafield>
	<datafield ind1=" " ind2="1" tag="880">
		<subfield code="6">264-04</subfield>
		<subfield code="a">القاهرة :</subfield>
		<subfield code="b">مطبعة لجنة التأليف والترجمة والنشر،</subfield>
		<subfield code="c">1944.</subfield>
	</datafield>
	<datafield ind1=" " ind2=" " tag="880">
		<subfield code="6">300-05</subfield>
		<subfield code="a">614، ب-ل صفحة ؛</subfield>
		<subfield code="c">28 سم</subfield>
	</datafield>
	<datafield ind1=" " ind2=" " tag="880">
		<subfield code="6">504-00</subfield>
		<subfield code="a">يتضمن مراجع ببليوغرافية.</subfield>
	</datafield>
	<datafield ind1=" " ind2="4" tag="880">
		<subfield code="6">651-06</subfield>
		<subfield code="a">مصر</subfield>
		<subfield code="x">الاحوال الاقتصادية</subfield>
		<subfield code="x">تاريخ.</subfield>
	</datafield>
	<datafield ind1=" " ind2="4" tag="880">
		<subfield code="6">651-07</subfield>
		<subfield code="a">مصر</subfield>
		<subfield code="x">السياسة الإقتصادية.</subfield>
	</datafield>
	<datafield ind1=" " ind2=" " tag="959">
		<subfield code="a">NNU</subfield>
		<subfield code="b">WEB</subfield>
		<subfield code="c">GENI</subfield>
		<subfield code="t">0</subfield>
		<subfield code="m">Electronic access</subfield>
		<subfield code="s">01</subfield>
	</datafield>
	<datafield ind1=" " ind2=" " tag="999">
		<subfield code="i">LeBAU_b12407951</subfield>
		<subfield code="s">aub_aco003387:</subfield>
		<subfield code="e">(ERROR-MISC)</subfield>
		<subfield code="s">aub_aco003387:</subfield>
	</datafield>
</record>
